@misc{DHBW-wirueberuns,
 author = {DHBW},
 year = {2022},
 title = {Duale Hochschule Baden-Württemberg: Wir über uns},
 url = {https://www.dhbw.de/die-dhbw/wir-ueber-uns},
 urldate = {2022-01-16}
}